@article{stanley2007compositional,
  title={Compositional pattern producing networks: A novel abstraction of development},
  author={Stanley, Kenneth O},
  journal={Genetic programming and evolvable machines},
  volume={8},
  number={2},
  pages={131--162},
  year={2007},
  publisher={Springer}
}

@article{stanley2002evolving,
  title={Evolving neural networks through augmenting topologies},
  author={Stanley, Kenneth O and Miikkulainen, Risto},
  journal={Evolutionary computation},
  volume={10},
  number={2},
  pages={99--127},
  year={2002},
  publisher={MIT Press}
}

@inproceedings{sims1994evolving,
  title={Evolving virtual creatures},
  author={Sims, Karl},
  booktitle={Proceedings of the 21st annual conference on Computer graphics and interactive techniques},
  pages={15--22},
  year={1994},
  organization={ACM}
}

@misc{fluidix,
  title = {What is Fluidix?},
  author={{OneZero Software}},
  year={2016},
  howpublished = {\url{http://www.fluidix.ca/}},
  note = {Accessed: 2016-09-13}
}

@article{langton1986studying,
  title={Studying artificial life with cellular automata},
  author={Langton, Christopher G},
  journal={Physica D: Nonlinear Phenomena},
  volume={22},
  number={1-3},
  pages={120--149},
  year={1986},
  publisher={Elsevier}
}

@article{bedau2003artificial,
  title={Artificial life: organization, adaptation and complexity from the bottom up},
  author={Bedau, Mark A},
  journal={Trends in cognitive sciences},
  volume={7},
  number={11},
  pages={505--512},
  year={2003},
  publisher={Elsevier}
}

@article{gardner1970mathematical,
  title={Mathematical games: The fantastic combinations of John Conway’s new solitaire game “life”},
  author={Gardner, Martin},
  journal={Scientific American},
  volume={223},
  number={4},
  pages={120--123},
  year={1970},
  publisher={vol}
}

@article{aron2013first,
  title={First replicating creature spawned in life simulator},
  author={Aron, Jacob},
  journal={New Scientist. Retrieved},
  volume={12},
  year={2013}
}

@techreport{ray1992evolution,
  title={Evolution, ecology and optimization of digital organisms},
  author={Ray, Thomas S},
  year={1992},
  institution={Technical Report 92-08-042, Santa Fe Institute, Santa Fe, NM}
}
